<record><leader>00000cas a22000007a 4500</leader><controlfield tag="001">14875067</controlfield><controlfield tag="008">861125d18931927iauwr ne      0    0eng d</controlfield><datafield ind1=" " ind2=" " tag="010"><subfield code="a">sn 86060272 </subfield></datafield><datafield ind1=" " ind2=" " tag="040"><subfield code="a">INP</subfield><subfield code="b">eng</subfield><subfield code="c">INP</subfield><subfield code="d">OCLCQ</subfield></datafield><datafield ind1=" " ind2=" " tag="042"><subfield code="a">msc</subfield></datafield><datafield ind1="0" ind2=" " tag="130"><subfield code="a">Rockwell City advocate (Rockwell City, Iowa : 1893)</subfield></datafield><datafield ind1="1" ind2="0" tag="245"><subfield code="a">Rockwell City advocate.</subfield></datafield><datafield ind1="1" ind2="3" tag="246"><subfield code="a">Farmers advocate</subfield><subfield code="f">Jan. 26, 1893</subfield></datafield><datafield ind1="1" ind2="3" tag="246"><subfield code="a">Advocate</subfield><subfield code="f">Feb. 2, 1893; Jan. 13, 1916-1927</subfield></datafield><datafield ind1=" " ind2=" " tag="260"><subfield code="a">Rockwell City, Calhoun County, Iowa :</subfield><subfield code="b">E.E. Johnston,</subfield><subfield code="c">1893-1927.</subfield></datafield><datafield ind1=" " ind2=" " tag="300"><subfield code="a">35 v. :</subfield><subfield code="b">ill. ;</subfield><subfield code="c">56 cm.</subfield></datafield><datafield ind1=" " ind2=" " tag="310"><subfield code="a">Weekly,</subfield><subfield code="b">Nov. 14, 1907-</subfield></datafield><datafield ind1=" " ind2=" " tag="321"><subfield code="a">Weekly,</subfield><subfield code="b">Jan. 26, 1893-Nov. 1, 1906</subfield></datafield><datafield ind1=" " ind2=" " tag="321"><subfield code="a">Semiweekly,</subfield><subfield code="b">Nov. 7, 1906-Nov. 5, 1907</subfield></datafield><datafield ind1="0" ind2=" " tag="362"><subfield code="a">Vol. 3, no. 18 (Jan. 26, 1893)-v. 37, no. 42 (Oct. 20, 1927).</subfield></datafield><datafield ind1=" " ind2=" " tag="500"><subfield code="a">Publisher varies.</subfield></datafield><datafield ind1=" " ind2=" " tag="500"><subfield code="a">Includes section called: Jolley advocate, May 28, 1925-1927; Jolley joker, Nov. 21, 1895-&lt;1907&gt;; Farnhamville record, Mar. 30, 1899-&lt;1907&gt;.</subfield></datafield><datafield ind1=" " ind2=" " tag="752"><subfield code="a">United States</subfield><subfield code="b">Iowa</subfield><subfield code="c">Calhoun</subfield><subfield code="d">Rockwell City.</subfield></datafield><datafield ind1=" " ind2=" " tag="752"><subfield code="a">United States</subfield><subfield code="b">Iowa</subfield><subfield code="c">Calhoun</subfield><subfield code="d">Jolley.</subfield></datafield><datafield ind1=" " ind2=" " tag="752"><subfield code="a">United States</subfield><subfield code="b">Iowa</subfield><subfield code="c">Calhoun</subfield><subfield code="d">Farnhamville.</subfield></datafield><datafield ind1="0" ind2="0" tag="780"><subfield code="t">Farmers advocate (Rockwell City, Iowa)</subfield><subfield code="w">(DLC)sn 86060275</subfield></datafield><datafield ind1="0" ind2="7" tag="785"><subfield code="t">Calhoun County Republican</subfield><subfield code="w">(DLC)sn 87057012</subfield></datafield><datafield ind1="0" ind2="7" tag="785"><subfield code="t">Rockwell City advocate and the Calhoun County Republican</subfield><subfield code="w">(DLC)sn 86060276</subfield></datafield><datafield ind1="1" ind2=" " tag="787"><subfield code="t">Jolley advocate</subfield></datafield><datafield ind1="1" ind2=" " tag="787"><subfield code="t">Jolley joker</subfield></datafield><datafield ind1="1" ind2=" " tag="787"><subfield code="t">Farnhamville record</subfield></datafield></record>